@inproceedings{hofstadter1995prolegomena,
  title={Prolegomena to any future {M}etacat},
  author={Hofstadter, Douglas},
  booktitle={Fluid concepts and creative analogies},
  pages={307--318},
  year={1995},
  organization={Basic Books, Inc.}
}

@article{mitchell1993revisiting,
  title={Revisiting the edge of chaos: Evolving cellular automata to perform computations},
  author={Mitchell, Melanie and Hraber, Peter and Crutchfield, James P},
  journal={Complex Systems},
  volume={7},
  pages={89--130},
  year={1993}
}

@phdthesis{marshall1999metacat,
  title={Metacat: A self-watching cognitive architecture for analogy-making and high-level perception},
  author={Marshall, James B},
  school={Indiana University},
  place={Bloomington},
  year={1999},
}

@incollection{pavlic2014self,
  title={Self-referencing cellular automata: A model of the evolution of information control in biological systems},
  author={Pavlic, Theodore P and Adams, Alyssa M and Davies, Paul CW and Walker, Sara Imari},
  booktitle={Artificial Life 14: Proceedings of the Fourteenth International Conference on the Synthesis and Simulation of Living Systems},
  publisher={The MIT Press},
  pages={522--529},
  year={2014},
  annote={arXiv preprint arXiv:1405.4070},
}